% This file was created with JabRef 2.7b.
% Encoding: UTF-8

@MISC{class_notes,
  author = {Γιάννης Θεοδωρίδης},
  title = {Σημειώσεις διδασκαλίας για το μάθημα "Βάσεις Δεδομένων"},
  howpublished = {Σημειώσεις μαθήματος},
  year = {2013},
  institution = {Πανεπιστήμιο Πειραιώς}
}

@book{baseis_eap,
  title={Βάσεις Δεδομένων (Τόμος Γ`)},
  author={Χριστοδουλάκης Δημήτριος, Ξένος Μιχαήλ},
  year={2000},
  publisher={Ελληνικό Ανοικτό Πανεπιστήμιο}
}

@MISC{wiki:Entity_relationship_model,
  author = {Wikipedia},
  title = {Entity–relationship model --- {W}ikipedia{,} The Free Encyclopedia},
  howpublished = {\url{http://en.wikipedia.org/wiki/Entity\%E2\%80\%93relationship_model}},
  note = {[Πρόσβαση στις 6 Ιουλίου 2014]},
  timestamp = {2014.07.06},
  url = {http://en.wikipedia.org/wiki/Entity\%E2\%80\%93relationship_model}
}

@MISC{wiki:requirement_analysis,
  author = {Wikipedia},
  title = {Requirements analysis --- {W}ikipedia{,} The Free Encyclopedia},
  howpublished = {\url{http://en.wikipedia.org/wiki/Requirements_analysis}},
  note = {[Πρόσβαση στις 8 Ιουλίου 2014]},
  timestamp = {2014.07.08},
  url = {http://en.wikipedia.org/wiki/Requirements_analysis}
}

@MISC{wiki:normalization,
  author = {Wikipedia},
  title = {Database normalization --- {W}ikipedia{,} The Free Encyclopedia},
  howpublished = {\url{http://en.wikipedia.org/wiki/Database_normalization}},
  note = {[Πρόσβαση στις 28 Αυγούστου 2014]},
  timestamp = {2014.08.28},
  url = {http://en.wikipedia.org/wiki/Database_normalization}
}

@MISC{wiki:boyce-codd,
  author = {Wikipedia},
  title = {Boyce–Codd normal form --- {W}ikipedia{,} The Free Encyclopedia},
  howpublished = {\url{http://en.wikipedia.org/wiki/Boyce%E2%80%93Codd_normal_form}},
  note = {[Πρόσβαση στις 28 Αυγούστου 2014]},
  timestamp = {2014.08.28},
  url = {http://en.wikipedia.org/wiki/Boyce%E2%80%93Codd_normal_form}
}

@book{baseis_manolopoulos,
  title={Συστήματα Βάσεων Δεδομένων: θεωρία και πρακτική εφαρμογή},
  author={Ι. Μανωλόπουλος, Α.Ν. Παπαδόπουλος},
  year={2009},
  publisher={Εκδόσεις Νέων Τεχνολογιών}
}
